<?xml version="1.0" encoding="UTF-8"?><record xmlns="http://www.loc.gov/MARC21/slim" xmlns:cinclude="http://apache.org/cocoon/include/1.0" xmlns:zs="http://www.loc.gov/zing/srw/">
  <leader>00418nz  a2200133n  4500</leader>
  <controlfield tag="001">nr 96005827 </controlfield>
  <controlfield tag="003">DLC</controlfield>
  <controlfield tag="005">19960228053224.0</controlfield>
  <controlfield tag="008">960212n| acannaab|          |a aaa     c</controlfield>
  <datafield tag="010" ind1=" " ind2=" ">
    <subfield code="a">nr 96005827 </subfield>
  </datafield>
  <datafield tag="040" ind1=" " ind2=" ">
    <subfield code="a">PU</subfield>
    <subfield code="c">PU</subfield>
  </datafield>
  <datafield tag="100" ind1="1" ind2="0">
    <subfield code="a">Wade, Ronn</subfield>
  </datafield>
  <datafield tag="400" ind1="1" ind2="0">
    <subfield code="a">Wade, Ronald S.</subfield>
  </datafield>
  <datafield tag="670" ind1=" " ind2=" ">
    <subfield code="a">Resurrection of an ancient art : mummification, c1995:</subfield>
    <subfield code="b">credits (Ronn Wade; Anatomical Services, Univ. of Maryland) acknowl. (Ronald S. Wade)</subfield>
  </datafield>
</record>